@article{article1,
  title={A Heteroscedasticity-Consistent Covariance Matrix Estimator and a Direct Test for Heteroscedasticity.},
  author={White, H.},
  doi={10.2307/1912934}
}

@article{article2,
  title={BOLDâ€”A biological O-linked glycan database},
  author={Cooper, Catherine A and Wilkins, Marc R and Williams, Keith L and Packer, Nicolle H},
  journal={ELECTROPHORESIS: An International Journal},
  volume={20},
  number={18},
  pages={3589--3598},
  year={1999},
  publisher={Wiley Online Library}
}

@article{article3,
  title={Functional MRI: Genesis, State of the art and the Sequel},
  author={Rose Dawn Bharath},
  journal={doi: 10.4103/0971-3026.130684}
}

@article{article4,
  title={Mel frequency cepstral coefficient and its applications: A review},
  author={Abdul, Zrar Kh and Al-Talabani, Abdulbasit K},
  journal={IEEE Access},
  volume={10},
  pages={122136--122158},
  year={2022},
  publisher={IEEE}
}

@article{article5,
  title={Open multimodal iEEG-fMRI dataset from naturalistic stimulation with a short audiovisual film},
  author={Berezutskaya, Julia and Vansteensel, Mariska J and Aarnoutse, Erik J and Freudenburg, Zachary V and Piantoni, Giovanni and Branco, Mariana P and Ramsey, Nick F},
  journal={Scientific Data},
  volume={9},
  number={1},
  pages={91},
  year={2022},
  publisher={Nature Publishing Group UK London}
}

@article{article6,
  title={Time course EPI of human brain function during task activation},
  author={Bandettini, Peter A and Wong, Eric C and Hinks, R Scott and Tikofsky, Ronald S and Hyde, James S},
  journal={Magnetic resonance in medicine},
  volume={25},
  number={2},
  pages={390--397},
  year={1992},
  publisher={Wiley Online Library}
}
